<?xml version="1.0" encoding="UTF-8"?><collection xmlns="http://www.loc.gov/MARC21/slim"><record><leader>00346nam--2200121-i-4500</leader><controlfield tag="001">000046909</controlfield><controlfield tag="002">20161230</controlfield><controlfield tag="005">20161230201046</controlfield><controlfield tag="008">060222s1000------------r-----000-0-eng-d</controlfield><datafield ind1=" " ind2=" " tag="080"><subfield code="a">10209</subfield></datafield><datafield ind1=" " ind2=" " tag="100"><subfield code="a">Warnecke, R., Guenard, P</subfield></datafield><datafield ind1=" " ind2=" " tag="245"><subfield code="a">Les tubes electroniques a commande par modulation de vitesse</subfield></datafield><datafield ind1=" " ind2=" " tag="260"><subfield code="a">Paris, Gauthier-villars, 1951, Xxii+792p</subfield></datafield></record></collection>